@book{Test123,
	author = {Test Test},
	title = {Test},
	year = {2018},
	month = {01},
	location = {Mannheim},
	publisher = {Test Verlag},
	edition = {Version Test},
	label = {Test}
}